@article{WignerUnreasonable,
author = {Wigner, Eugene P.},
title = {The unreasonable effectiveness of mathematics in the natural sciences},
note= {Richard Courant lecture in mathematical sciences delivered at New York University, May 11, 1959},
journal = {Communications on Pure and Applied Mathematics},
volume = {13},
number = {1},
pages = {1-14},
doi = {10.1002/cpa.3160130102},
year = {1960}
}

@article{Kitaev:2009mg,
author = "Kitaev, Alexei",
title = "{Periodic Table for Topological Insulators and Superconductors}",
booktitle = "{Proceedings, L.D. Landau Memorial Conference on Advances in Theoretical Physics}",
journal = "AIP Conf. Proc.",
volume = "1134",
year = "2009",
pages = "22-30",
doi = "10.1063/1.3149495",
eprint = "0901.2686",
archivePrefix = "arXiv",
primaryClass = "cond-mat.mes-hall",
SLACcitation = "%%CITATION = ARXIV:0901.2686;%%"
}





@article{Ryu:2010zza,
author = "Ryu, Shinsei and Schnyder, Andreas P. and Furusaki, Akira
and Ludwig, Andreas W. W.",
title = "{Topological Insulators and Superconductors: Tenfold Way and Dimensional Hierarchy}",
journal = "New J. Phys.",
volume = "12",
year = "2010",
pages = "065010",
doi = "10.1088/1367-2630/12/6/065010",
SLACcitation = "%%CITATION = NJOPF,12,065010;%%",
eprint = "0912.2157",
archivePrefix = "arXiv",
primaryClass = "cond-mat.mes-hall",
}





@article{Schnyder:2008tya,
author = "Schnyder, Andreas and Ryu, Shinsei and Furusaki, Akira
and Ludwig, Andreas",
title = "{Classification of Topological Insulators and Superconductors in Three Spatial Dimensions}",
journal = "Phys. Rev.",
volume = "B78",
year = "2008",
number = "19",
pages = "195125",
doi = "10.1103/PhysRevB.78.195125",
eprint = "0803.2786",
archivePrefix = "arXiv",
primaryClass = "cond-mat.mes-hall",
SLACcitation = "%%CITATION = PHRVA,B78,195125;%%"
}


@article{Chen:2011pg,
author = "Chen, Xie and Gu, Zheng-Cheng and Liu, Zheng-Xin and Wen,
Xiao-Gang",
title = "{Symmetry Protected Topological Orders and the Group Cohomology of Their Symmetry Group}",
journal = "Phys. Rev.",
volume = "B87",
year = "2013",
number = "15",
pages = "155114",
doi = "10.1103/PhysRevB.87.155114",
eprint = "1106.4772",
archivePrefix = "arXiv",
primaryClass = "cond-mat.str-el",
SLACcitation = "%%CITATION = ARXIV:1106.4772;%%"
}

@article{Gu:2012ib,
    author = "Gu, Zheng-Cheng and Wen, Xiao-Gang",
    title = "{Symmetry-protected topological orders for interacting fermions: Fermionic topological nonlinear \ensuremath{\sigma} models and a special group supercohomology theory}",
    eprint = "1201.2648",
    archivePrefix = "arXiv",
    primaryClass = "cond-mat.str-el",
    doi = "10.1103/PhysRevB.90.115141",
    journal = "Phys. Rev. B",
    volume = "90",
    number = "11",
    pages = "115141",
    year = "2014"
}


@article{Fidkowski:2009dba,
      author         = "Fidkowski, Lukasz and Kitaev, Alexei",
      title          = "{The effects of interactions on the topological
                        classification of free fermion systems}",
      journal        = "Phys. Rev.",
      volume         = "B81",
      year           = "2010",
      pages          = "134509",
      doi            = "10.1103/PhysRevB.81.134509",
      eprint         = "0904.2197",
      archivePrefix  = "arXiv",
      primaryClass   = "cond-mat.str-el",
      SLACcitation   = "%%CITATION = ARXIV:0904.2197;%%"
}

@article{Wang:2014lca,
      author         = "Wang, Chong and Senthil, T.",
      title          = "{Interacting fermionic topological
                        insulators/superconductors in three dimensions}",
      journal        = "Phys. Rev.",
      volume         = "B89",
      year           = "2014",
      number         = "19",
      pages          = "195124",
      doi            = "10.1103/PhysRevB.89.195124, 10.1103/PhysRevB.91.239902",
      note           = "[Erratum: Phys. Rev.B91,no.23,239902(2015)]",
      eprint         = "1401.1142",
      archivePrefix  = "arXiv",
      primaryClass   = "cond-mat.str-el",
      SLACcitation   = "%%CITATION = ARXIV:1401.1142;%%"
}

@article{KitaevCollapse,
author = "Kitaev, Alexei",
title="{Homotopy-Theoretic Approach to SPT Phases in Action: $\mathbb{Z}_{16}$ Classification of Three-Dimensional Superconductors}",
note="{lecture notes available at \href{http://www.ipam.ucla.edu/abstract/?tid=12389&pcode=STQ2015}{http://www.ipam.ucla.edu/abstract/?tid=12389\&pcode=STQ2015}.}"
}

@article{Metlitski:2014xqa,
      author         = "Metlitski, Max A. and Fidkowski, Lukasz and Chen, Xie and
                        Vishwanath, Ashvin",
      title          = "{Interaction effects on 3D topological superconductors:
                        surface topological order from vortex condensation, the 16
                        fold way and fermionic Kramers doublets}",
      year           = "2014",
      eprint         = "1406.3032",
      archivePrefix  = "arXiv",
      primaryClass   = "cond-mat.str-el",
      SLACcitation   = "%%CITATION = ARXIV:1406.3032;%%"
}




@article{Kapustin:2014dxa,
author = "Kapustin, Anton and Thorngren, Ryan and Turzillo, Alex
and Wang, Zitao",
title = "{Fermionic Symmetry Protected Topological Phases and Cobordisms}",
journal = "JHEP",
volume = "12",
year = "2015",
pages = "052",
doi = "10.1007/JHEP12(2015)052",
note = "[JHEP12,052(2015)]",
eprint = "1406.7329",
archivePrefix = "arXiv",
primaryClass = "cond-mat.str-el",
SLACcitation = "%%CITATION = ARXIV:1406.7329;%%"
}


@article{Freed:2016rqq,
    author = "Freed, Daniel S. and Hopkins, Michael J.",
    title = "{Reflection positivity and invertible topological phases}",
    eprint = "1604.06527",
    archivePrefix = "arXiv",
    primaryClass = "hep-th",
    doi = "10.2140/gt.2021.25.1165",
    journal = "Geom. Topol.",
    volume = "25",
    pages = "1165--1330",
    year = "2021"
}

@article{Yonekura:2018ufj,
    author = "Yonekura, Kazuya",
    title = "{On the cobordism classification of symmetry protected topological phases}",
    eprint = "1803.10796",
    archivePrefix = "arXiv",
    primaryClass = "hep-th",
    reportNumber = "IPMU-18-0040",
    doi = "10.1007/s00220-019-03439-y",
    journal = "Commun. Math. Phys.",
    volume = "368",
    number = "3",
    pages = "1121--1173",
    year = "2019"
}


@article{Thouless:1982zz,
    author = "Thouless, D. J. and Kohmoto, M. and Nightingale, M. P. and den Nijs, M.",
    title = "{Quantized Hall Conductance in a Two-Dimensional Periodic Potential}",
    doi = "10.1103/PhysRevLett.49.405",
    journal = "Phys. Rev. Lett.",
    volume = "49",
    pages = "405--408",
    year = "1982"
}

@book{Mieda,
citelabel="三",
author="三枝洋一",
title="数論幾何入門",
publisher="森北出版",
year="2024"
}

@article{Cubitt2nd,
      title={A Note on the Second Spectral Gap Incompleteness Theorem}, 
      author={Toby S. Cubitt},
      year={2021},
      eprint={2105.09854},
      archivePrefix={arXiv},
      primaryClass={quant-ph}
}

@article{1d,
    title={Undecidability of the Spectral Gap in One Dimension},
    volume={10},
    ISSN={2160-3308},
    DOI={10.1103/physrevx.10.031038},
    number={3},
    journal={Physical Review X},
    publisher={American Physical Society (APS)},
    author={Bausch, Johannes and Cubitt, Toby S. and Lucia, Angelo and Perez-Garcia, David},
    year={2020},
    month={Aug},
      eprint={1810.01858},
      archivePrefix={arXiv},
      primaryClass={quant-ph}	
}
@article{2dNature,
   volume={528},
   ISSN={1476-4687},
   DOI={10.1038/nature16059},
   number={7581},
   journal={Nature},
   publisher={Springer Science and Business Media LLC},
   author={Cubitt, Toby S. and Perez-Garcia, David and Wolf, Michael M.},
   year={2015},
   month={Dec},
   pages={207–211},
   title={Undecidability of the spectral gap},
      eprint={1502.04135},
      archivePrefix={arXiv},
      primaryClass={quant-ph}	
}
@article{2dLong,
   title={Undecidability of the spectral gap (full version)},
   author={Cubitt, Toby S. and Perez-Garcia, David and Wolf, Michael M.},
      eprint={1502.04573},
      archivePrefix={arXiv},
      primaryClass={quant-ph},
	  year={2015}		
}
@article{thermalNature,
   title={Undecidability in quantum thermalization},
   volume={12},
   ISSN={2041-1723},
   DOI={10.1038/s41467-021-25053-0},
   number={1},
   journal={Nature Communications},
   publisher={Springer Science and Business Media LLC},
   author={Shiraishi, Naoto and Matsumoto, Keiji},
   year={2021},
   month={Aug},
      eprint={2012.13889},
      archivePrefix={arXiv},
      primaryClass={cond-mat.stat-mech}		
}
@article{thermalLong,
   title={Undecidability of the fate of relaxation in one-dimensional quantum systems},
   author={Shiraishi, Naoto and Matsumoto, Keiji},
   year={2020},
      eprint={2012.13890},
      archivePrefix={arXiv},
      primaryClass={cond-mat.stat-mech}		
}
@article{Tachikawa:2022vsh,
    author = "Tachikawa, Yuji",
    title = "{Undecidable problems in quantum field theory}",
    eprint = "2203.16689",
    archivePrefix = "arXiv",
    primaryClass = "hep-th",
    doi = "10.1007/s10773-023-05357-1",
    journal = "Int. J. Theor. Phys.",
    volume = "62",
    number = "9",
    pages = "199",
    year = "2023"
}


